@article{granovskaia2010high,
  title={High-resolution transcription atlas of the mitotic cell cycle in budding yeast},
  author={Granovskaia, Marina V and Jensen, Lars J and Ritchie, Matthew E and Toedling, Joern and Ning, Ye and Bork, Peer and Huber, Wolfgang and Steinmetz, Lars M},
  journal={Genome biology},
  volume={11},
  number={3},
  pages={1--11},
  year={2010},
  publisher={BioMed Central}
}

@article{harbison2004transcriptional,
  title={Transcriptional regulatory code of a eukaryotic genome},
  author={Harbison, Christopher T and Gordon, D Benjamin and Lee, Tong Ihn and Rinaldi, Nicola J and Macisaac, Kenzie D and Danford, Timothy W and Hannett, Nancy M and Tagne, Jean-Bosco and Reynolds, David B and Yoo, Jane and others},
  journal={Nature},
  volume={431},
  number={7004},
  pages={99--104},
  year={2004},
  publisher={Nature Publishing Group}
}

@article{stark2006biogrid,
  title={BioGRID: a general repository for interaction datasets},
  author={Stark, Chris and Breitkreutz, Bobby-Joe and Reguly, Teresa and Boucher, Lorrie and Breitkreutz, Ashton and Tyers, Mike},
  journal={Nucleic acids research},
  volume={34},
  number={suppl\_1},
  pages={D535--D539},
  year={2006},
  publisher={Oxford University Press}
}

@article{kirk2012bayesian,
  title={Bayesian correlated clustering to integrate multiple datasets},
  author={Kirk, Paul and Griffin, Jim E and Savage, Richard S and Ghahramani, Zoubin and Wild, David L},
  journal={Bioinformatics},
  volume={28},
  number={24},
  pages={3290--3297},
  year={2012},
  publisher={Oxford University Press}
}

@article{vats2018revisiting,
  title={Revisiting the Gelman-Rubin diagnostic},
  author={Vats, Dootika and Knudson, Christina},
  journal={arXiv preprint arXiv:1812.09384},
  year={2018}
}
